% Bibliography for Data Visualization

@inproceedings{drachen2013spatial,
  title={Spatial game analytics and visualization},
  author={Drachen, Anders and Schubert, Matthias},
  booktitle={Computational Intelligence in Games (CIG), 2013 IEEE Conference on},
  pages={1--8},
  year={2013},
  organization={IEEE}
}

@article{drachenskill,
  title={Skill-Based Differences in Spatio-Temporal Team Behaviour in Defence of The Ancients 2 (DotA 2)},
  author={Drachen, Anders and Yancey, Matthew and Maguire, John and Chu, Derrek and Wang, Iris Yuhui and Mahlmann, Tobias and Schubert, Matthias and Klabajan, Diego}
}
